@BOOK{
    bmaq,
    title = {白帽子讲Web安全 : 纪念版},
    publisher = {机械工业出版社},
    year = {2014},
    author = {吴翰清},
}

@online{
    web-security,
	author = { MDN Web Docs 社区},
	title = {Web 安全},
	url = {https://developer.mozilla.org/zh-CN/docs/Web/Security},
	year = {2023}
}

@online{
    same-origin_policy,
	author = {MDN Web Docs 社区},
	title = {浏览器的同源策略},
	url = {https://developer.mozilla.org/zh-CN/docs/Web/Security/Same-origin_policy},
	year = {2023}
}

@online{
    cors,
	author = {MDN Web Docs 社区},
	title = {跨域资源共享},
	url = {https://developer.mozilla.org/zh-CN/docs/Web/HTTP/CORS},
	year = {2023}
}

@online{
    proxy,
	author = {nginx.org},
	title = {proxy server},
	url = {https://nginx.org/en/docs/beginners_guide.html#proxy},
	year = {2023}
}

@online{
    jsonp-wiki,
	author = {Public},
	title = {JSONP-维基百科},
	url = {https://zh.wikipedia.org/wiki/JSONP},
	year = {2022}
}